<record><leader>00000cas a22000007a 4500</leader><controlfield tag="001">18143857</controlfield><controlfield tag="008">880628d19611979nyuwr ne      0    0eng d</controlfield><datafield ind1=" " ind2=" " tag="010"><subfield code="a">sn 88075723 </subfield></datafield><datafield ind1=" " ind2=" " tag="040"><subfield code="a">NYG</subfield><subfield code="b">eng</subfield><subfield code="c">NYG</subfield><subfield code="d">NYS</subfield><subfield code="d">OCLCQ</subfield></datafield><datafield ind1=" " ind2=" " tag="042"><subfield code="a">msc</subfield></datafield><datafield ind1="0" ind2="4" tag="245"><subfield code="a">The Eagle-bulletin, DeWitt news-times.</subfield></datafield><datafield ind1="3" ind2="0" tag="246"><subfield code="a">Eagle-bulletin and DeWitt news-times</subfield></datafield><datafield ind1=" " ind2=" " tag="260"><subfield code="a">Fayetteville, N.Y. :</subfield><subfield code="b">Wobo Corp.,</subfield><subfield code="c">1961-1979.</subfield></datafield><datafield ind1=" " ind2=" " tag="300"><subfield code="a">v. :</subfield><subfield code="b">ill.</subfield></datafield><datafield ind1=" " ind2=" " tag="310"><subfield code="a">Weekly</subfield></datafield><datafield ind1="0" ind2=" " tag="362"><subfield code="a">Vol. 75-3, no. 36 (Sept. 7, 1961)-v. 90-17, no. 5 (Jan. 31, 1979).</subfield></datafield><datafield ind1=" " ind2=" " tag="500"><subfield code="a">Published as: Eagle-bulletin and DeWitt news-times, &lt;1962&gt;.</subfield></datafield><datafield ind1=" " ind2=" " tag="515"><subfield code="a">Continues the numbering of: Eagle-bulletin and DeWitt times.</subfield></datafield><datafield ind1=" " ind2=" " tag="580"><subfield code="a">Formed by the union of: Eagle-bulletin and DeWitt times, and: DeWitt-East Syracuse town news, and: Eastwood news.</subfield></datafield><datafield ind1=" " ind2="4" tag="651"><subfield code="a">Fayetteville (N.Y.)</subfield><subfield code="v">Newspapers.</subfield></datafield><datafield ind1=" " ind2=" " tag="752"><subfield code="a">United States</subfield><subfield code="b">New York</subfield><subfield code="c">Onondaga</subfield><subfield code="d">Fayetteville.</subfield></datafield><datafield ind1="1" ind2="4" tag="780"><subfield code="t">Eagle-bulletin and DeWitt times</subfield><subfield code="w">(DLC)sn 90066439</subfield><subfield code="w">(OCoLC)22929224</subfield></datafield><datafield ind1="1" ind2="4" tag="780"><subfield code="t">DeWitt-East Syracuse town news</subfield></datafield><datafield ind1="1" ind2="4" tag="780"><subfield code="t">Eastwood news</subfield></datafield><datafield ind1="0" ind2="0" tag="785"><subfield code="t">Eagle-bulletin (Fayetteville, N.Y. : 1979)</subfield><subfield code="w">(DLC)sn 88075724</subfield></datafield><datafield ind1="1" ind2=" " tag="029"><subfield code="a">AU@</subfield><subfield code="b">000020518074</subfield></datafield></record>